@inproceedings{Nygaard_Dahl_78,
    author    = {Nygaard, Kristen and Dahl, Ole-Johan},
    title     = {The Development of the SIMULA languages},
    booktitle = {History of programming languages},
    editor    = {Wexelblat, Richard L.},
    year      = {1978},
    month     = {6},
    url       = {https://dl.acm.org/doi/pdf/10.1145/800025.1198392},
    publisher = {Association for Computing Machinery, Inc.},
    address   = {New York, United States},
    isbn      = {978-0-12-745040-7},
}

@inproceedings{Dahl_04,
  title   = {The Birth of Object Orientation: the Simula Languages},
  author  = {Dahl, Ole-Johan},
  editor  = {Owe, O. and Krogdahl, S. and Lyche, T.},
  booktitle = {From Object-Orientation to Formal Methods},
  series    = {Lecture Notes in Computer Science},
  volume    = {2635},
  year      = {2004},
  publisher = {Springer},
  address   = {Berlin, Heidelberg}
}

@article{Cardelli_Wegner_85,
    author    = {Cardelli, Luca and Wegner, Peter},
    title     = {On understanding types, data abstraction, and polymorphism},
    year      = {1985},
    month     = {12},
    journal   = {ACM Computing Surveys},
    volume    = {17},
    issue     = {4},
    pages     = {471-523},
    url       = {https://dl.acm.org/doi/pdf/10.1145/6041.6042},
}


@article{Haveraaen_et_al_19,
    author    = {Haveraaen, Magne and J{\"a}rvi, Jaakko. and Rouson, Damian},
    title     = {Reflecting on Generics in Fortran},
    year      = {2019},
    month     = {July},
    journal   = {},
    volume    = {},
    issue     = {},
    pages     = {},
    url       = {},
}



@book{Martin_17,
  author = {Martin, Robert C.},
  added-at = {2017-10-22T13:22:17.000+0200},
  address = {Boston, MA},
  biburl = {https://www.bibsonomy.org/bibtex/290024d38bd91dae6d0e7e6e5a7d0690c/flint63},
  groups = {public},
  interhash = {b5e103dbaa6c306e004ac8e694195fdd},
  intrahash = {90024d38bd91dae6d0e7e6e5a7d0690c},
  isbn = {978-0-13-449416-6},
  keywords = {01841 103 book safari software architecture development},
  publisher = {Prentice Hall},
  series = {Robert C. Martin Series},
  timestamp = {2018-04-16T12:17:41.000+0200},
  title = {Clean Architecture: A Craftsman's Guide to Software Structure and Design},
  url = {https://www.safaribooksonline.com/library/view/clean-architecture-a/9780134494272/},
  year = 2017
}


@inproceedings{Matsakis_2014,
title={The Rust language},
author={Matsakis, Nicholas D and Klock II, Felix S},
booktitle={ACM SIGAda Ada Letters},
volume={34},
number={3},
pages={103--104},
year={2014},
organization={ACM}
} 

